@misc{guggulothu2019codesmelldetectionusing,
  title         = {Code Smell Detection using Multilabel Classification Approach},
  author        = {Thirupathi Guggulothu},
  year          = {2019},
  eprint        = {1902.03222},
  pages         = {8-9},
  archiveprefix = {arXiv},
  primaryclass  = {cs.SE},
  url           = {https://arxiv.org/abs/1902.03222}
}
@article{dettmers2023qlora,
  title   = {QLoRA: Efficient Finetuning of Quantized LLMs},
  author  = {Dettmers, Tim and Pagnoni, Artidoro and Holtzman, Ari and Zettlemoyer, Luke},
  journal = {arXiv preprint arXiv:2305.14314},
  year    = {2023}
}
@article{guggulothu2020code,
  title     = {Code smell detection using multi-label classification approach},
  author    = {Guggulothu, Thirupathi and Moiz, Salman Abdul},
  journal   = {Software Quality Journal},
  volume    = {28},
  pages     = {1063--1086},
  year      = {2020},
  publisher = {Springer}
}
@misc{j2024finetuningllmenterprise,
  title         = {Fine Tuning LLM for Enterprise: Practical Guidelines and Recommendations},
  author        = {Mathav Raj J and Kushala VM and Harikrishna Warrier and Yogesh Gupta},
  year          = {2024},
  eprint        = {2404.10779},
  archiveprefix = {arXiv},
  primaryclass  = {cs.SE},
  url           = {https://arxiv.org/abs/2404.10779}
}
@article{BOGATINOVSKI2022117215,
  title    = {Comprehensive comparative study of multi-label classification methods},
  journal  = {Expert Systems with Applications},
  volume   = {203},
  pages    = {117215},
  year     = {2022},
  issn     = {0957-4174},
  doi      = {https://doi.org/10.1016/j.eswa.2022.117215},
  url      = {https://www.sciencedirect.com/science/article/pii/S0957417422005991},
  author   = {Jasmin Bogatinovski and Ljupčo Todorovski and Sašo Džeroski and Dragi Kocev},
  keywords = {Multi-label classification, Benchmarking machine learning methods, Performance estimation, Evaluation measures}
}
@article{evaluationMetric,
  author  = {Hossin, Mohammad and M.N, Sulaiman},
  year    = {2015},
  month   = {03},
  pages   = {01-11},
  title   = {A Review on Evaluation Metrics for Data Classification Evaluations},
  volume  = {5},
  journal = {International Journal of Data Mining and Knowledge Management Process},
  doi     = {10.5121/ijdkp.2015.5201}
}
@inproceedings{das2019detecting,
  title        = {Detecting code smells using deep learning},
  author       = {Das, Ananta Kumar and Yadav, Shikhar and Dhal, Subhasish},
  booktitle    = {TENCON 2019-2019 IEEE Region 10 Conference (TENCON)},
  pages        = {2081--2086},
  year         = {2019},
  organization = {IEEE}
}

@misc{liu2024promptlearningmultilabelcode,
  title         = {Prompt Learning for Multi-Label Code Smell Detection: A Promising Approach},
  author        = {Haiyang Liu and Yang Zhang and Vidya Saikrishna and Quanquan Tian and Kun Zheng},
  year          = {2024},
  eprint        = {2402.10398},
  pages         = {5-10},
  archiveprefix = {arXiv},
  primaryclass  = {cs.SE},
  url           = {https://arxiv.org/abs/2402.10398}
}

@article{liu2019deep,
  title     = {Deep learning based code smell detection},
  author    = {Liu, Hui and Jin, Jiahao and Xu, Zhifeng and Zou, Yanzhen and Bu, Yifan and Zhang, Lu},
  journal   = {IEEE transactions on Software Engineering},
  volume    = {47},
  number    = {9},
  pages     = {1811--1837},
  year      = {2019},
  publisher = {IEEE}
}

@article{moha2009decor,
  title     = {Decor: A method for the specification and detection of code and design smells},
  author    = {Moha, Naouel and Gu{\'e}h{\'e}neuc, Yann-Ga{\"e}l and Duchien, Laurence and Le Meur, Anne-Francoise},
  journal   = {IEEE Transactions on Software Engineering},
  volume    = {36},
  number    = {1},
  pages     = {20--36},
  year      = {2009},
  publisher = {IEEE}
}

@inproceedings{kaur2017support,
  title        = {A support vector machine based approach for code smell detection},
  author       = {Kaur, Amandeep and Jain, Sushma and Goel, Shivani},
  booktitle    = {2017 International Conference on Machine Learning and Data Science (MLDS)},
  pages        = {9--14},
  year         = {2017},
  organization = {IEEE}
}

@article{Zhang2022code,
  title    = {Code Smell Detection Approach Based on Pre-training Model and Multi-level Information},
  author   = {Zhang Y and Dong CH and Liu H and Ge CY},
  journal  = {Journal of Software},
  volume   = {33},
  number   = {5},
  pages    = {1551},
  numpages = {19.0000},
  year     = {2022},
  month    = {05},
  doi      = {10.13328/j.cnki.jos.006548}
}

@article{ruleBased,
  author   = {Hilmi, Muhammad Anis Al and Puspaningrum, Alifia and Darsih and Siahaan, Daniel Oranova and Samosir, Hernawati Susanti and Rahma, Amelia Sahira},
  journal  = {IEEE Access},
  title    = {Research Trends, Detection Methods, Practices, and Challenges in Code Smell: SLR},
  year     = {2023},
  volume   = {11},
  number   = {},
  pages    = {129536-129551},
  keywords = {Codes;Systematics;Surveys;Software quality;Object recognition;Correlation;Taxonomy;Machine learning;Computer security;Performance evaluation;Code smell;detection;systematic review;software quality;bad smell},
  doi      = {10.1109/ACCESS.2023.3334258}
}

@article{ast,
  author = {Ilyas, Muhammad and Adnan, Syed and Ahmad, Wakeel},
  year   = {2020},
  month  = {04},
  pages  = {},
  title  = {Code Smell Detection and Refactoring Using ASTVisitor}
}

@article{ml,
  title   = {Machine learning techniques for code smell detection: A systematic literature review and meta-analysis},
  journal = {Information and Software Technology},
  volume  = {108},
  pages   = {115-138},
  year    = {2019},
  issn    = {0950-5849},
  doi     = {https://doi.org/10.1016/j.infsof.2018.12.009},
  url     = {https://www.sciencedirect.com/science/article/pii/S0950584918302623},
  author  = {Muhammad Ilyas Azeem and Fabio Palomba and Lin Shi and Qing Wang}
}
@article{whatiscodesmell,
  author    = {AL-Jibory, Farah},
  title     = {Code smells in software: Review},
  journal   = {International Journal of Nonlinear Analysis and Applications},
  volume    = {14},
  number    = {1},
  pages     = {1339-1345},
  year      = {2023},
  publisher = {Semnan University},
  issn      = {2008-6822},
  eissn     = {2008-6822},
  doi       = {10.22075/ijnaa.2022.7029},
  url       = {https://ijnaa.semnan.ac.ir/article_7029.html},
  eprint    = {https://ijnaa.semnan.ac.ir/article_7029_e1e5262156d3c905894bd58f581b7687.pdf}
}
